<record xmlns="http://www.loc.gov/MARC21/slim" xmlns:xsi="http://www.w3.org/2001/XMLSchema-instance" xsi:schemaLocation="http://www.loc.gov/MARC21/slim http://www.loc.gov/standards/marcxml/schema/MARC21slim.xsd"><leader>00717nz   2200181n  4500</leader><controlfield tag="001">oca01069499 </controlfield><controlfield tag="005">19840406151026.7</controlfield><controlfield tag="008">840315n| acannaab|          |a aaa |||  </controlfield><datafield ind1=" " ind2=" " tag="010"><subfield code="a">n  83319399 </subfield></datafield><datafield ind1=" " ind2=" " tag="040"><subfield code="a">DLC</subfield><subfield code="c">DLC</subfield></datafield><datafield ind1="0" ind2=" " tag="100"><subfield code="a">Mimnermus,</subfield><subfield code="c">of Colophon,</subfield><subfield code="d">7th cent. B.C.</subfield></datafield><datafield ind1="0" ind2=" " tag="400"><subfield code="a">Mimnermo,</subfield><subfield code="c">of Colophon,</subfield><subfield code="d">7th cent. B.C.</subfield></datafield><datafield ind1="0" ind2=" " tag="400"><subfield code="a">Mimnermos,</subfield><subfield code="c">ho KolphoÌ&#x84;nios,</subfield><subfield code="d">7th cent. B.C.</subfield></datafield><datafield ind1="0" ind2=" " tag="400"><subfield code="a">Mimnermus,</subfield><subfield code="d">7th cent. B.C.</subfield><subfield code="w">nnaa</subfield></datafield><datafield ind1=" " ind2=" " tag="670"><subfield code="a">His PoesiÌ&#x81;a, 1983:</subfield><subfield code="b">t.p. (Mimnermo)</subfield></datafield><datafield ind1=" " ind2=" " tag="670"><subfield code="a">Oxford class. dict.</subfield><subfield code="b">(Mimnermus, Elegist and musician of Colophon)</subfield></datafield><datafield ind1=" " ind2=" " tag="670"><subfield code="a">MegaleÌ&#x84; HelleÌ&#x84;nikeÌ&#x84; enkykl.</subfield><subfield code="b">(Mimnermos ho KolophoÌ&#x84;nios, fl. 632-650 B.C.)</subfield></datafield><datafield ind1=" " ind2=" " tag="670"><subfield code="a">LC manual auth. cd.</subfield><subfield code="b">(hdg.: Mimnermus, 7th cent. B.C.)</subfield></datafield></record>